@techreport{mcnp,
   author = "{X-5 Monte Carlo Team}",
   title = "{MCNP - A General Monte Carlo N-Particle Transport Code,
                  Version 5}",
   institution = LANL,
   number = "LA-UR-03-1987",
   month = feb,
   year = 2008
}

@article{openmc,
  author = "Paul K. Romano and Benoit Forget",
  title = "The {OpenMC} {M}onte {C}arlo Particle Transport Code",
  journal = "Ann. Nucl. Energy",
  note = "Accepted"
  year = 2012
}

@techreport{serpent,
   author = "Jaakko Lepp{\"{a}}nen",
   title = "Development of a New {M}onte {C}arlo Reactor Physics Code",
   institution = "VTT Technical Research Centre of Finland",
   number = "P640",
   year = 2007
}
